<record><leader>00000cas a2200000 a 4500</leader><controlfield tag="001">12487876</controlfield><controlfield tag="008">850904d19231931ksuwr ne      0    0eng d</controlfield><datafield ind1=" " ind2=" " tag="010"><subfield code="a">sn 85029583 </subfield></datafield><datafield ind1=" " ind2=" " tag="040"><subfield code="a">KSH</subfield><subfield code="b">eng</subfield><subfield code="c">KSH</subfield><subfield code="d">NPT</subfield><subfield code="d">OCL</subfield><subfield code="d">OCLCQ</subfield></datafield><datafield ind1=" " ind2=" " tag="042"><subfield code="a">msc</subfield></datafield><datafield ind1="0" ind2="4" tag="245"><subfield code="a">The Stockton review and Rooks County record.</subfield></datafield><datafield ind1=" " ind2=" " tag="260"><subfield code="a">Stockton, Kan. :</subfield><subfield code="b">[Harry L. Covert],</subfield><subfield code="c">1923-1931.</subfield></datafield><datafield ind1=" " ind2=" " tag="300"><subfield code="a">8 v. :</subfield><subfield code="b">ill. ;</subfield><subfield code="c">54 cm.</subfield></datafield><datafield ind1=" " ind2=" " tag="310"><subfield code="a">Weekly</subfield></datafield><datafield ind1="0" ind2=" " tag="362"><subfield code="a">Vol. 44, no. 16 (Apr. 19, 1923)-52nd year, no. 14 (Apr. 2, 1931).</subfield></datafield><datafield ind1=" " ind2=" " tag="752"><subfield code="a">United States</subfield><subfield code="b">Kansas</subfield><subfield code="c">Rooks</subfield><subfield code="d">Stockton.</subfield></datafield><datafield ind1="0" ind2="4" tag="780"><subfield code="t">Stockton review</subfield><subfield code="w">(DLC)sn 85029592</subfield></datafield><datafield ind1="0" ind2="4" tag="780"><subfield code="t">Rooks County record (Stockton, Kan. : 1880)</subfield><subfield code="w">(DLC)sn 85029584</subfield></datafield><datafield ind1="0" ind2="0" tag="785"><subfield code="t">Rooks County record (Stockton, Kan. : 1931)</subfield><subfield code="w">(DLC)sn 85029595</subfield></datafield><datafield ind1="1" ind2=" " tag="029"><subfield code="a">AU@</subfield><subfield code="b">000022171873</subfield></datafield></record>